<record><leader>00000cas a22000007a 4500</leader><controlfield tag="001">76821564</controlfield><controlfield tag="008">061129d20022009vauwr ne      0    0eng d</controlfield><datafield ind1=" " ind2=" " tag="010"><subfield code="a">sn2006060687</subfield></datafield><datafield ind1=" " ind2=" " tag="040"><subfield code="a">NVK</subfield><subfield code="b">eng</subfield><subfield code="c">NVK</subfield><subfield code="d">NVK</subfield><subfield code="d">OCLCQ</subfield><subfield code="d">OCLCF</subfield><subfield code="d">OCLCO</subfield></datafield><datafield ind1="1" ind2=" " tag="029"><subfield code="a">AU@</subfield><subfield code="b">000041113554</subfield></datafield><datafield ind1=" " ind2=" " tag="042"><subfield code="a">msc</subfield></datafield><datafield ind1=" " ind2=" " tag="043"><subfield code="a">n-us-va</subfield></datafield><datafield ind1="0" ind2="4" tag="245"><subfield code="a">The Goochland courier.</subfield></datafield><datafield ind1=" " ind2=" " tag="260"><subfield code="a">Louisa, Va. :</subfield><subfield code="b">CV Corp. of Virginia,</subfield><subfield code="c">-2009.</subfield></datafield><datafield ind1=" " ind2=" " tag="310"><subfield code="a">Weekly</subfield></datafield><datafield ind1="1" ind2=" " tag="362"><subfield code="a">Began Jan. 5, 2002.</subfield></datafield><datafield ind1="0" ind2=" " tag="362"><subfield code="a">-v. 8, no. 4 (Jan. 28, 2009).</subfield></datafield><datafield ind1=" " ind2=" " tag="500"><subfield code="a">"Goochland's hometown newspaper."</subfield></datafield><datafield ind1=" " ind2=" " tag="500"><subfield code="a">The Goochland Courier was absorbed by the Central Virginian Feb. 5, 2009.</subfield></datafield><datafield ind1=" " ind2=" " tag="588"><subfield code="a">Description based on: Vol. 5, no. 32 (Aug. 9, 2006).</subfield></datafield><datafield ind1=" " ind2="0" tag="651"><subfield code="a">Goochland (Va.)</subfield><subfield code="v">Newspapers.</subfield></datafield><datafield ind1=" " ind2="0" tag="651"><subfield code="a">Louisa (Va.)</subfield><subfield code="v">Newspapers.</subfield></datafield><datafield ind1=" " ind2="7" tag="655"><subfield code="a">Newspapers.</subfield><subfield code="2">fast</subfield><subfield code="0">(OCoLC)fst01423814</subfield></datafield><datafield ind1=" " ind2="7" tag="651"><subfield code="a">Virginia</subfield><subfield code="z">Goochland.</subfield><subfield code="2">fast</subfield><subfield code="0">(OCoLC)fst01884903</subfield></datafield><datafield ind1=" " ind2="7" tag="651"><subfield code="a">Virginia</subfield><subfield code="z">Louisa.</subfield><subfield code="2">fast</subfield><subfield code="0">(OCoLC)fst01218325</subfield></datafield><datafield ind1=" " ind2=" " tag="752"><subfield code="a">United States</subfield><subfield code="b">Virginia</subfield><subfield code="c">Louisa</subfield><subfield code="d">Louisa.</subfield></datafield><datafield ind1="1" ind2="4" tag="785"><subfield code="t">Central Virginian</subfield><subfield code="w">(DLC)sn 95079555</subfield></datafield></record>